@misc{job_queue_management_bull,
  author       = {NUIISAN},
  title        = {{\thaifont การจัดการ Job, Queue ใน Node Js ด้วย Bull ตอนที่ 1}},
  howpublished = {Available at \url{https://nuiisan.medium.com/%E0%B8%81%E0%B8%B2%E0%B8%A3%E0%B8%88%E0%B8%B1%E0%B8%94%E0%B8%81%E0%B8%B2%E0%B8%A3-job-queue-%E0%B9%83%E0%B8%99-node-%E0%B8%94%E0%B9%89%E0%B8%A7%E0%B8%A2-bull-%E0%B8%95%E0%B8%AD%E0%B8%99%E0%B8%97%E0%B8%B5%E0%B9%88-1-88943eae7d80}},
  year         = {2019},
  note         = {[Online; accessed 26-November-20]}
}

@misc{understand_lstm,
  author       = {Christopher Olah},
  title        = {Understanding LSTM Networks},
  howpublished = {Available at \url{https://colah.github.io/posts/2015-08-Understanding-LSTMs/}},
  year         = {2015},
  note         = {[Online; accessed 25-November-20]}
}

@misc{what_is_tf,
  author       = {Serdar Yegulalp},
  title        = {What is TensorFlow? The machine learning library explained},
  howpublished = {Available at \url{https://www.infoworld.com/article/3278008/what-is-tensorflow-the-machine-learning-library-explained.html}},
  year         = {2019},
  note         = {[Online; accessed 25-November-20]}
}

@misc{keras,
  author       = {Keras},
  title        = {Keras: the Python deep learning API},
  howpublished = {Available at \url{https://keras.io/}},
  year         = {2015},
  note         = {[Online; accessed 25-November-20]}
}

@misc{what_is_km,
  author       = {Michael E. D. Koenig},
  title        = {What is KM? Knowledge Management Explained},
  howpublished = {Available at \url{https://www.kmworld.com/About/What_is_Knowledge_Management}},
  year         = {2018}
}

@misc{what_is_chatbot,
  author       = {Expert.ai Team},
  title        = {Chatbot: What is a Chatbot? Why are Chatbots Important?},
  howpublished = {Available at \url{https://www.expert.ai/blog/chatbot/}},
  year         = {2020},
  note         = {[Online; accessed 25-November-20]}
}

@misc{pythainlp,
  author       = {Keng Surapong},
  title        = {{\thaifont Python ตัดคำภาษาไทยด้วย PyThaiNLP API ตัดคำ Word Tokenize ภาษาไทย ตัวอย่างการตัดคำภาษาไทยอัลกอริทึม deepcut, newmm, longest, pyicu, attacut–PyThaiNLP ep.2}},
  howpublished = {Available at \url{https://www.bualabs.com/archives/3740/python-word-tokenize-pythainlp-example-algorithm-deepcut-newmm-longest-python-pythainlp-ep-2/}},
  year         = {2020},
  note         = {[Online; accessed 25-November-20]}
}

@misc{what_is_react,
  author       = {Mos Programmer},
  title        = {{\thaifont มารู้จัก React กันเถอะ}},
  howpublished = {Available at \url{https://mosprogramer.medium.com/%E0%B8%A1%E0%B8%B2%E0%B8%A3%E0%B8%B9%E0%B9%89%E0%B8%88%E0%B8%B1%E0%B8%81-react-%E0%B8%81%E0%B8%B1%E0%B8%99%E0%B9%80%E0%B8%96%E0%B8%AD%E0%B8%B0-eb04ab8b8ec1}},
  year         = {2019},
  note         = {[Online; accessed 26-November-20]}
}

@misc{botnoi_enterprise_chatbot,
  author       = {Botnoi},
  title        = {Enterprise Chatbot - The Fastest Way To Help Your Customers},
  howpublished = {Available at \url{https://botnoigroup.com/chatbot/}},
  year         = {2020},
  note         = {[Online; accessed 25-November-20]}
}

@misc{explain_kubernetes,
  author       = {Kevin Casey},
  title        = {How to explain Kubernetes in plain English},
  howpublished = {Available at \url{https://enterprisersproject.com/article/2017/10/how-explain-kubernetes-plain-english#:~:text=%E2%80%9CKubernetes%2C%20or%20k8s%2C%20is,%2C%E2%80%9D%20Haff%20and%20Henry%20write}},
  year         = {2020},
  note         = {[Online; accessed 25-November-20]}
}

@misc{what_is_ts,
  author       = {Darlene Tate},
  title        = {What is TypeScript? Pros and Cons},
  howpublished = {Available at \url{https://medium.com/BuildMySite1/what-is-typescript-pros-and-cons-8dc5cdc3e78d}},
  year         = {2015},
  note         = {[Online; accessed 26-November-20]}
}

@misc{nlp_technology,
  author       = {Digital Ventures},
  title        = {{\thaifont Natural Language Processing เทคโนโลยีเชื่อมโยงปัญญาประดิษฐ์กับมนุษย์ด้วย “ภาษา”}},
  howpublished = {Available at \url{http://dv.co.th/blog-th/get-to-know-natural-language-processing-nlp/}},
  year         = {2020},
  note         = {[Online; accessed 25-November-20]}
}

@misc{five_types_of_chatbot,
  author       = {Nastasya Savina},
  title        = {Five Different Types of Chatbot},
  howpublished = {Available at \url{https://medium.com/voiceui/five-different-types-of-chatbot-17bb255b23b4}},
  year         = {2019},
  note         = {[Online; accessed 26-November-20]}
}
